
@misc{Sautereau2017,
author = {Sautereau, Thibaut},
mendeley-groups = {ACSLab/lab 2},
title = {{Linux Security Modules (Part 1)}},
url = {https://thibaut.sautereau.fr/2017/05/26/linux-security-modules-part-1/},
year = {2017}
}
