@book{Jaeger2008,
author = {Jaeger, Trent},
publisher = {Morgan {\&} Claypool Publishers},
title = {{Operating System Security}},
year = {2008}
}
@book{Hertzog2015,
author = {Hertzog, Rapha{\"{e}}l and Mas, Roland},
edition = {1},
isbn = {979-10-91414-05-0},
title = {{The Debian Administrator's Handbook}},
url = {handbook},
year = {2015}
}
@misc{ref-policy,
author = {{SELinux Project}},
booktitle = {Github SELinuxProject Refpolicy Wiki},
title = {{SELinux Reference Policy Project Overview}},
url = {https://github.com/SELinuxProject/refpolicy/wiki},
year = {2018}
}
